<record><leader>00000cas a22000007a 4500</leader><controlfield tag="001">15964163</controlfield><controlfield tag="008">870615d192u1940inuwr ne      0    0eng d</controlfield><datafield ind1=" " ind2=" " tag="010"><subfield code="a">sn 87056107 </subfield></datafield><datafield ind1=" " ind2=" " tag="040"><subfield code="a">NPI</subfield><subfield code="b">eng</subfield><subfield code="c">NPI</subfield><subfield code="d">OCLCQ</subfield></datafield><datafield ind1=" " ind2=" " tag="042"><subfield code="a">msc</subfield></datafield><datafield ind1="0" ind2=" " tag="130"><subfield code="a">Noble County Democrat (Albion, Ind. : 1923)</subfield></datafield><datafield ind1="1" ind2="4" tag="245"><subfield code="a">The Noble County Democrat.</subfield></datafield><datafield ind1=" " ind2=" " tag="260"><subfield code="a">Albion, Ind. :</subfield><subfield code="b">[s.n.],</subfield><subfield code="c">-1940.</subfield></datafield><datafield ind1=" " ind2=" " tag="300"><subfield code="a">v.</subfield></datafield><datafield ind1=" " ind2=" " tag="310"><subfield code="a">Weekly</subfield></datafield><datafield ind1="0" ind2=" " tag="362"><subfield code="a">-v. 83, [no.] 36 (Sept. 5, 1940).</subfield></datafield><datafield ind1=" " ind2=" " tag="588"><subfield code="a">Description based on: New ser. v. 27, no. 3 (Jan. 26, 1923).</subfield></datafield><datafield ind1=" " ind2=" " tag="752"><subfield code="a">United States</subfield><subfield code="b">Indiana</subfield><subfield code="c">Noble</subfield><subfield code="d">Albion.</subfield></datafield><datafield ind1="0" ind2="0" tag="780"><subfield code="t">Albion Democrat</subfield><subfield code="w">(DLC)sn 87056105</subfield></datafield><datafield ind1="0" ind2="0" tag="785"><subfield code="t">Noble County American</subfield><subfield code="w">(DLC)sn 83009391</subfield></datafield></record>